@book{huizingaHomoLudensStudy,
    address = {Boston US-MA},
    edition = {4},
    title = {Homo {Ludens}: {A} {Study} of the {Play} {Element} in {Culture}},
    language = {en},
    publisher = {Routledge and Kegan Paul},
    author = {Huizinga, Johan},
    year = {1964},
}